<?xml version="1.0" encoding="UTF-8"?><collection xmlns="http://www.loc.gov/MARC21/slim"><record><leader>00469nam--2200133-i-4500</leader><controlfield tag="001">000038730</controlfield><controlfield tag="002">20161230</controlfield><controlfield tag="005">20161230201041</controlfield><controlfield tag="008">060222s1000------------r-----000-0-eng-d</controlfield><datafield ind1=" " ind2=" " tag="080"><subfield code="a">615.849:616.006.6</subfield></datafield><datafield ind1=" " ind2=" " tag="100"><subfield code="a">Ribot,Jean-francois</subfield></datafield><datafield ind1=" " ind2=" " tag="245"><subfield code="a">Activite circulatoires des adenopathies malignes humaines et ses modificatiions sous radiotherapie. these. (mesurees par le taux d`epuration du 133 xenon)</subfield></datafield><datafield ind1=" " ind2=" " tag="260"><subfield code="a">Toulouse, Univ.Paul-sabatier, 1971. 93 P</subfield></datafield><datafield ind1=" " ind2=" " tag="852"><subfield code="a">39008</subfield></datafield></record></collection>